@article{cite1,
  title={文献题名},
  author={主要责任者},
  journal={刊名},
  volume={卷号（期号）},
  pages={起止页码},
  year={出版年份}
}

@INBOOK{cite2,
    AUTHOR="主要责任者",
    TITLE="文献题名",
    PUBLISHER="出版者",
    YEAR="出版年",
    PAGES="起止页码",
}
